@misc{bst,
  title = {Binary Search Tree},
  howpublished = Wikipedia,
}

@misc{bt,
  title = {Binary Tree},
  howpublished = Lecture Notes,
}

@misc{graph,
  title = {Graphs},
  howpublished = Tutorials Point,
}